@article{einstein,
    author = "Albert Einstein",
    title = "{Zur Elektrodynamik bewegter K{\"o}rper}. ({German})
    [{On} the electrodynamics of moving bodies]",
    journal = "Annalen der Physik",
    volume = "322",
    number = "10",
    pages = "891--921",
    year = "1905",
    DOI = "http://dx.doi.org/10.1002/andp.19053221004",
    keywords = "physics"
}
 
@book{dirac,
    title = {The Principles of Quantum Mechanics},
    author = {Paul Adrien Maurice Dirac},
    isbn = {9780198520115},
    series = {International series of monographs on physics},
    year = {1981},
    publisher = {Clarendon Press},
    keywords = {physics}
}
 
@online{pib,
    author = "IBRAM - Instituto Brasileiro de Mineração",
    title = "The Strength of Brazilian Mining",
    url  = "https://g1.globo.com/especial-publicitario/em-movimento/noticia/2018/12/10/como-a-mineracao-ajuda-a-alavancar-a-economia-brasileira.ghtml",
    addendum = "(Acessado: 20.10.2019)",
    keywords = "pib"
}

@online{mariana,
    author = "G1",
    title = "Há 3 anos, rompimento de barragem de Mariana causou maior desastre ambiental do país e matou 19 pessoas",
    url  = "https://g1.globo.com/mg/minas-gerais/noticia/2019/01/25/ha-3-anos-rompimento-de-barragem-de-mariana-causou-maior-desastre-ambiental-do-pais-e-matou-19-pessoas.ghtml",
    addendum = "(Acessado: 20.10.2019)",
    keywords = "mariana, barragem, desastre ambiental"
}

@online{brumadinho,
    author = "Ricardo Senra, BBC News",
    title = "Brumadinho, a história de uma tragédia que poderia ter sido evitada",
    url  = "https://www.bbc.com/portuguese/brasil-47399659",
    addendum = "(Acessado: 20.10.2019)",
    keywords = "brumadinho, barragem, desastre ambiental"
}

@online{mineracaoUFMG,
    author = "O Petróleo",
    title = "Você sabe como funciona a mineração no Brasil hoje?",
    url  = "http://www.opetroleo.com.br/voce-sabe-como-funciona-mineracao-no-brasil-hoje/",
    addendum = "(Acessado: 03.06.2018)",
    keywords = "ufmg, mineração, pesquisa"
}

@online{iepeCircuit,
    author = "Measurement Specialties",
    title = "Circuiti Schematic for IEPE Sensors",
    url  = "http://www.disensors.com/downloads/products/Circuit%20Schematic%20for%20IEPE%20Sensors_1257.pdf",
    addendum = "(Acessado: 03.06.2018)",
    keywords = "iepe"
}

@online{ipc,
    author = "IPC - Association Connecting Electronics Industries",
    title = "Generic Standart on Printed Board Design",
    url  = "http://www.sphere.bc.ca/class/downloads/ipc_2221a-pcb%20standards.pdf",
    addendum = "(Acessado: 03.06.2018)",
    keywords = "ipc"
}

@online{stm,
    author = "ST",
    title = "STM32F103X8",
    url  = "http://www.st.com/content/ccc/resource/technical/document/datasheet/33/d4/6f/1d/df/0b/4c/6d/CD00161566.pdf/files/CD00161566.pdf/jcr:content/translations/en.CD00161566.pdf",
    addendum = "(Acessado: 03.06.2018)",
    keywords = "stm"
}

@online{nrf,
    author = "Nordic Semiconductors",
    title = "nRF24L01+",
    url  = "https://www.nordicsemi.com/eng/Products/2.4GHz-RF/nRF24L01P",
    addendum = "(Acessado: 03.06.2018)",
    keywords = "nrf"
}

@online{ctc,
    author = "CTC",
    title = "AC102 Series",
    url  = "https://www.ctconline.com/fileup/3DNEWPDF/AC102series_datasheet_3D.pdf",
    addendum = "(Acessado: 03.06.2018)",
    keywords = "ctc"
}
 
@online{nyquist,
    author = "Texas Instruments Incorporated",
    title = "AN-236 An Introduction to the Sampling Theorem",
    url  = "http://www.ti.com/lit/an/snaa079c/snaa079c.pdf",
    addendum = "(Acessado: 03.06.2018)",
    keywords  = "Nyquist, sampling"
}

@inbook{knuth-fa,
    author = "Donald E. Knuth",
    title = "Fundamental Algorithms",
    publisher = "Addison-Wesley",
    year = "1973",
    chapter = "1.2",
    keywords  = "knuth,programming"
}

@inbook{artElectronics,
	Author = {Paul Horowitz, Winfield Hill},
	Booktitle = {The Art of Electronics},
	Pages = {900-902},
	Publisher = {Cambridge University Press},
	Title = {Analog-to-digital converters},
	Year = {2015},
    chapter = "1.2"
    }
